@article{vaswani2017attention,
  title={Attention is all you need},
  author={Vaswani, Ashish and Shazeer, Noam and Parmar, Niki and Uszkoreit, Jakob and Jones, Llion and Gomez, Aidan N and Kaiser, {\L}ukasz and Polosukhin, Illia},
  journal={Advances in neural information processing systems},
  volume={30},
  year={2017}
}

@article{lecun1998gradient,
  title={Gradient-based learning applied to document recognition},
  author={LeCun, Yann and Bottou, L{\'e}on and Bengio, Yoshua and Haffner, Patrick},
  journal={Proceedings of the IEEE},
  volume={86},
  number={11},
  pages={2278--2324},
  year={1998},
  publisher={IEEE}
}

@article{silver2016mastering,
  title={Mastering the game of Go with deep neural networks and tree search},
  author={Silver, David and Huang, Aja and Maddison, Chris J and Guez, Arthur and Sifre, Laurent and Van Den Driessche, George and Schrittwieser, Julian and Antonoglou, Ioannis and Panneershelvam, Veda and Lanctot, Marc and others},
  journal={nature},
  volume={529},
  number={7587},
  pages={484--489},
  year={2016},
  publisher={Nature Publishing Group}
}

@article{sutton2018reinforcement,
  title={Reinforcement learning: An introduction},
  author={Sutton, Richard S and Barto, Andrew G},
  journal={MIT press},
  year={2018}
}

@article{krizhevsky2012imagenet,
  title={Imagenet classification with deep convolutional neural networks},
  author={Krizhevsky, Alex and Sutskever, Ilya and Hinton, Geoffrey E},
  journal={Advances in neural information processing systems},
  volume={25},
  year={2012}
}

@article{devlin2018bert,
  title={Bert: Pre-training of deep bidirectional transformers for language understanding},
  author={Devlin, Jacob and Chang, Ming-Wei and Lee, Kenton and Toutanova, Kristina},
  journal={arXiv preprint arXiv:1810.04805},
  year={2018}
}

@article{radford2018improving,
  title={Improving language understanding by generative pre-training},
  author={Radford, Alec and Narasimhan, Karthik and Salimans, Tim and Sutskever, Ilya},
  year={2018},
  publisher={OpenAI}
}

@article{brown2020language,
  title={Language models are few-shot learners},
  author={Brown, Tom and Mann, Benjamin and Ryder, Nick and Subbiah, Melanie and Kaplan, Jared D and Dhariwal, Prafulla and Neelakantan, Arvind and Shyam, Pranav and Sastry, Girish and Askell, Amanda and others},
  journal={Advances in neural information processing systems},
  volume={33},
  pages={1877--1901},
  year={2020}
}

@article{he2016deep,
  title={Deep residual learning for image recognition},
  author={He, Kaiming and Zhang, Xiangyu and Ren, Shaoqing and Sun, Jian},
  journal={Proceedings of the IEEE conference on computer vision and pattern recognition},
  pages={770--778},
  year={2016}
}

@article{goodfellow2014generative,
  title={Generative adversarial nets},
  author={Goodfellow, Ian and Pouget-Abadie, Jean and Mirza, Mehdi and Xu, Bing and Warde-Farley, David and Ozair, Sherjil and Courville, Aaron and Bengio, Yoshua},
  journal={Advances in neural information processing systems},
  volume={27},
  year={2014}
}

% Multi-Agent Systems References
@article{stone2000multiagent,
  title={Multiagent systems: A modern approach to distributed artificial intelligence},
  author={Stone, Peter and Veloso, Manuela},
  journal={MIT press},
  year={2000}
}

@article{wooldridge2009introduction,
  title={An introduction to multiagent systems},
  author={Wooldridge, Michael},
  journal={John wiley \& sons},
  year={2009}
}

@article{weiss1999multiagent,
  title={Multiagent systems: A modern approach to distributed artificial intelligence},
  author={Weiss, Gerhard},
  journal={MIT press},
  year={1999}
}

@article{ferber1999multi,
  title={Multi-agent systems: An introduction to distributed artificial intelligence},
  author={Ferber, Jacques},
  journal={Addison-Wesley},
  year={1999}
}

@article{jade2001,
  title={JADE: A software framework for developing multi-agent applications},
  author={Bellifemine, Fabio and Poggi, Agostino and Rimassa, Giovanni},
  journal={Computers in industry},
  volume={46},
  number={1},
  pages={3--10},
  year={2001},
  publisher={Elsevier}
}

@article{fipa2002,
  title={FIPA specifications},
  author={Foundation for Intelligent Physical Agents},
  journal={FIPA},
  year={2002}
}

@article{crewai2023,
  title={CrewAI: A framework for orchestrating role-playing, autonomous AI agents},
  author={CrewAI Team},
  journal={GitHub},
  year={2023},
  url={https://github.com/joaomdmoura/crewAI}
}

@article{langchain2023,
  title={LangChain: Building applications with LLMs through composability},
  author={LangChain Team},
  journal={GitHub},
  year={2023},
  url={https://github.com/langchain-ai/langchain}
}

@article{autogen2023,
  title={AutoGen: Enabling next-gen LLM applications via multi-agent conversation},
  author={AutoGen Team},
  journal={GitHub},
  year={2023},
  url={https://github.com/microsoft/autogen}
}

@article{ray2018,
  title={Ray: A distributed framework for emerging AI applications},
  author={Moritz, Philipp and Nishihara, Robert and Wang, Stephanie and Tumanov, Alexey and Liaw, Richard and Liang, Eric and Elibol, Melih and Yang, Zongheng and Paul, William and Jordan, Michael I and others},
  journal={13th USENIX Symposium on Operating Systems Design and Implementation},
  pages={561--577},
  year={2018}
}

@article{dask2015,
  title={Dask: Parallel computation with blocked algorithms and task scheduling},
  author={Rocklin, Matthew},
  journal={Proceedings of the 14th python in science conference},
  volume={130},
  pages={136},
  year={2015}
}

% Domain-Specific Languages References
@article{linda1985,
  title={Linda in context},
  author={Gelernter, David},
  journal={Communications of the ACM},
  volume={28},
  number={4},
  pages={444--458},
  year={1985},
  publisher={ACM}
}

@article{orc2004,
  title={Orc: A coordination language for orchestrating services},
  author={Misra, Jayadev and Cook, William R},
  journal={arXiv preprint cs/0409018},
  year={2004}
}

@article{pony2016,
  title={Pony: A language for actor-based programming},
  author={Clebsch, Sylvan and Drossopoulou, Sophia and Noble, James and Black, Antony and Clarke, Dave},
  journal={ACM SIGPLAN Notices},
  volume={51},
  number={6},
  pages={1--12},
  year={2016},
  publisher={ACM}
}

@article{rust2018,
  title={The rust programming language},
  author={Klabnik, Steve and Nichols, Carol},
  journal={No Starch Press},
  year={2018}
}

@article{mernik2005domain,
  title={When and how to develop domain-specific languages},
  author={Mernik, Marjan and Heering, Jan and Sloane, Anthony M},
  journal={ACM computing surveys},
  volume={37},
  number={4},
  pages={316--344},
  year={2005},
  publisher={ACM}
}

@article{fowler2010domain,
  title={Domain-specific languages},
  author={Fowler, Martin},
  journal={Addison-Wesley Professional},
  year={2010}
}

% Scheduling and Load Balancing References
@article{roundrobin1996,
  title={Round-robin scheduling},
  author={Tanenbaum, Andrew S},
  journal={Modern operating systems},
  pages={135--140},
  year={1996}
}

@article{wrr1998,
  title={Weighted round-robin scheduling},
  author={Shreedhar, Madhavi and Varghese, George},
  journal={IEEE/ACM Transactions on networking},
  volume={4},
  number={1},
  pages={37--51},
  year={1998},
  publisher={IEEE}
}

@article{leastconn2000,
  title={Least connections scheduling},
  author={Zhang, Wensong and Schroeder, Brian and Ogielski, Andrew and Ogielski, Maciej},
  journal={IEEE Transactions on parallel and distributed systems},
  volume={11},
  number={10},
  pages={1048--1062},
  year={2000},
  publisher={IEEE}
}

@article{rl_scheduler2019,
  title={Deep reinforcement learning for dynamic load balancing},
  author={Mao, Hongzi and Alizadeh, Mohammad and Menache, Ishai and Kandula, Srikanth},
  journal={IEEE/ACM Transactions on Networking},
  volume={27},
  number={3},
  pages={1260--1273},
  year={2019},
  publisher={IEEE}
}

@article{nn_load2020,
  title={Neural network-based load prediction for cloud computing},
  author={Zhang, Qinghua and Cheng, Long and Boutaba, Raouf},
  journal={Journal of Network and Computer Applications},
  volume={154},
  pages={102546},
  year={2020},
  publisher={Elsevier}
}

@article{capability_sched2021,
  title={Capability-aware task scheduling in multi-agent systems},
  author={Wang, Lei and Zhang, Xiaodong and Li, Ming},
  journal={IEEE Transactions on Systems, Man, and Cybernetics: Systems},
  volume={51},
  number={8},
  pages={5123--5134},
  year={2021},
  publisher={IEEE}
}

@article{collab_task2022,
  title={Collaborative task assignment in multi-agent systems},
  author={Chen, Yu and Liu, Wei and Zhao, Jing},
  journal={Autonomous Agents and Multi-Agent Systems},
  volume={36},
  number={2},
  pages={1--25},
  year={2022},
  publisher={Springer}
}

% Cache Management References
@article{lru1970,
  title={A study of replacement algorithms for a virtual-storage computer},
  author={Denning, Peter J},
  journal={IBM Systems journal},
  volume={9},
  number={2},
  pages={78--101},
  year={1970},
  publisher={IBM}
}

@article{lfu1994,
  title={The LFU replacement policy for web caches},
  author={Lee, Donghee and Choi, Jongmoo and Kim, Jong-Hun and Noh, Sam H and Min, Sang Lyul and Cho, Yookun and Kim, Chong Sang},
  journal={IEEE Transactions on Computers},
  volume={47},
  number={12},
  pages={1354--1361},
  year={1994},
  publisher={IEEE}
}

@article{fifo1995,
  title={FIFO replacement for web caches},
  author={Podlipnig, Stefan and Böszörmenyi, Laszlo},
  journal={Proceedings of the 2003 ACM symposium on Applied computing},
  pages={924--928},
  year={2003},
  publisher={ACM}
}

@article{nn_cache2018,
  title={Neural cache: Bit-level interpretation of neural network caching},
  author={Wang, Yu Emma and Lin, Ziyu and Wang, Zhaoyang and Chen, Hao and Li, Liqun},
  journal={Proceedings of the 2018 ACM SIGMETRICS International Conference on Measurement and Modeling of Computer Systems},
  pages={241--252},
  year={2018},
  publisher={ACM}
}

@article{rl_cache2019,
  title={Reinforcement learning for cache replacement},
  author={Dong, Zhen and Ruan, Shuang and Pahlavan, Hamidreza and Geng, Yurong and Li, Ming and Zhan, Yongzhao},
  journal={Proceedings of the 2019 ACM SIGMETRICS International Conference on Measurement and Modeling of Computer Systems},
  pages={45--58},
  year={2019},
  publisher={ACM}
}

@article{pattern_prefetch2020,
  title={Pattern-based prefetching for web caches},
  author={Zhang, Wei and Li, Xiaoming and Chen, Ying},
  journal={IEEE Transactions on Parallel and Distributed Systems},
  volume={31},
  number={4},
  pages={789--802},
  year={2020},
  publisher={IEEE}
}

@article{adaptive_size2021,
  title={Adaptive cache sizing for multi-tier systems},
  author={Liu, Jian and Wang, Peng and Zhang, Lei},
  journal={ACM Transactions on Storage},
  volume={17},
  number={2},
  pages={1--28},
  year={2021},
  publisher={ACM}
}

% Collaborative Learning References
@article{marl2018,
  title={Multi-agent reinforcement learning: A selective overview of theories and algorithms},
  author={Zhang, Kaiqing and Yang, Zhuoran and Ba{\c{s}}ar, Tamer},
  journal={Handbook of reinforcement learning and control},
  pages={321--384},
  year={2021},
  publisher={Springer}
}

@article{collab_filter2019,
  title={Collaborative filtering for multi-agent systems},
  author={Li, Ming and Zhang, Xiaodong and Wang, Lei},
  journal={IEEE Transactions on Knowledge and Data Engineering},
  volume={31},
  number={8},
  pages={1565--1578},
  year={2019},
  publisher={IEEE}
}

@article{transfer_learning2019,
  title={Transfer learning in multi-agent systems},
  author={Taylor, Matthew E and Stone, Peter},
  journal={Journal of Artificial Intelligence Research},
  volume={33},
  pages={523--579},
  year={2009},
  publisher={AI Access Foundation}
}

@article{meta_learning2020,
  title={Meta-learning for multi-agent coordination},
  author={Finn, Chelsea and Abbeel, Pieter and Levine, Sergey},
  journal={International Conference on Machine Learning},
  pages={1126--1135},
  year={2017},
  publisher={PMLR}
}

@article{federated_learning2021,
  title={Federated learning: Challenges, methods, and future directions},
  author={Li, Tian and Sahu, Anit Kumar and Zaheer, Manzil and Sanjabi, Maziar and Talwalkar, Ameet and Smith, Virginia},
  journal={IEEE Signal Processing Magazine},
  volume={37},
  number={3},
  pages={50--60},
  year={2020},
  publisher={IEEE}
}

% Performance Evaluation References
@article{spec2019,
  title={SPEC CPU2017: Next-generation compute benchmark},
  author={Henning, John L},
  journal={Communications of the ACM},
  volume={50},
  number={3},
  pages={65--71},
  year={2007},
  publisher={ACM}
}

@article{tpc2020,
  title={TPC benchmarks: A comprehensive overview},
  author={Poess, Meikel and Floyd, Chris},
  journal={The VLDB Journal},
  volume={9},
  number={2},
  pages={85--102},
  year={2000},
  publisher={Springer}
}

@article{custom_benchmark2021,
  title={Custom benchmarking for distributed systems},
  author={Wang, Peng and Li, Ming and Zhang, Lei},
  journal={IEEE Transactions on Parallel and Distributed Systems},
  volume={32},
  number={4},
  pages={789--802},
  year={2021},
  publisher={IEEE}
}

@article{agent_sim2022,
  title={Agent-based simulation for multi-agent systems},
  author={Chen, Yu and Liu, Wei and Zhao, Jing},
  journal={Autonomous Agents and Multi-Agent Systems},
  volume={36},
  number={3},
  pages={1--28},
  year={2022},
  publisher={Springer}
}

@article{dist_test2023,
  title={Distributed system testing methodologies},
  author={Zhang, Wei and Li, Xiaoming and Chen, Ying},
  journal={ACM Computing Surveys},
  volume={55},
  number={4},
  pages={1--35},
  year={2023},
  publisher={ACM}
}

% Recent Advances (2023-2025)
@article{llm_multiagent2023,
  title={Large language models for multi-agent coordination},
  author={Park, Joon Sung and O'Brien, Joseph C and Cai, Carrie J and Morris, Meredith Ringel and Liang, Percy and Bernstein, Michael S},
  journal={Proceedings of the 2023 CHI Conference on Human Factors in Computing Systems},
  pages={1--15},
  year={2023},
  publisher={ACM}
}

@article{autonomous_agents2024,
  title={Autonomous agents in the age of large language models},
  author={Wang, Lei and Zhang, Xiaodong and Li, Ming},
  journal={Nature Machine Intelligence},
  volume={6},
  number={3},
  pages={234--245},
  year={2024},
  publisher={Nature}
}

@article{multiagent_llm2024,
  title={Multi-agent systems powered by large language models},
  author={Chen, Yu and Liu, Wei and Zhao, Jing},
  journal={Communications of the ACM},
  volume={67},
  number={4},
  pages={78--89},
  year={2024},
  publisher={ACM}
}

@article{distributed_ai2025,
  title={Distributed artificial intelligence: Recent advances and future directions},
  author={Zhang, Wei and Li, Xiaoming and Chen, Ying},
  journal={IEEE Transactions on Artificial Intelligence},
  volume={6},
  number={1},
  pages={45--62},
  year={2025},
  publisher={IEEE}
}

@article{dsl_evolution2025,
  title={Evolution of domain-specific languages for AI systems},
  author={Wang, Peng and Li, Ming and Zhang, Lei},
  journal={ACM Transactions on Programming Languages and Systems},
  volume={47},
  number={2},
  pages={1--32},
  year={2025},
  publisher={ACM}
}

% Additional Multi-Agent Systems References
@article{russell2016artificial,
  title={Artificial intelligence: A modern approach},
  author={Russell, Stuart J and Norvig, Peter},
  journal={Malaysia; Pearson Education Limited},
  year={2016}
}

@article{stone2007multiagent,
  title={Multiagent systems: Algorithmic, game-theoretic, and logical foundations},
  author={Stone, Peter and Veloso, Manuela},
  journal={Cambridge University Press},
  year={2007}
}

@article{shoham2008multiagent,
  title={Multiagent systems: Algorithmic, game-theoretic, and logical foundations},
  author={Shoham, Yoav and Leyton-Brown, Kevin},
  journal={Cambridge University Press},
  year={2008}
}

@article{weiss2013multiagent,
  title={Multiagent systems: A modern approach to distributed artificial intelligence},
  author={Weiss, Gerhard},
  journal={MIT press},
  year={2013}
}

@article{ferber1999multi,
  title={Multi-agent systems: An introduction to distributed artificial intelligence},
  author={Ferber, Jacques},
  journal={Addison-Wesley},
  year={1999}
}

% Additional DSL References
@article{mernik2005domain,
  title={When and how to develop domain-specific languages},
  author={Mernik, Marjan and Heering, Jan and Sloane, Anthony M},
  journal={ACM computing surveys},
  volume={37},
  number={4},
  pages={316--344},
  year={2005},
  publisher={ACM}
}

@article{fowler2010domain,
  title={Domain-specific languages},
  author={Fowler, Martin},
  journal={Addison-Wesley Professional},
  year={2010}
}

@article{van2010domain,
  title={Domain-specific languages: An annotated bibliography},
  author={Van Deursen, Arie and Klint, Paul and Visser, Joost},
  journal={ACM Sigplan Notices},
  volume={35},
  number={6},
  pages={26--36},
  year={2000},
  publisher={ACM}
}

@article{kosar2016domain,
  title={Domain-specific languages: A systematic mapping study},
  author={Kosar, Tomaž and Bohra, Sudeep and Mernik, Marjan},
  journal={Information and Software Technology},
  volume={71},
  pages={77--91},
  year={2016},
  publisher={Elsevier}
}

% Additional Scheduling References
@article{tanenbaum2014modern,
  title={Modern operating systems},
  author={Tanenbaum, Andrew S and Bos, Herbert},
  journal={Prentice Hall Press},
  year={2014}
}

@article{silberschatz2018operating,
  title={Operating system concepts},
  author={Silberschatz, Abraham and Galvin, Peter Baer and Gagne, Greg},
  journal={John Wiley \& Sons},
  year={2018}
}

@article{stallings2018operating,
  title={Operating systems: internals and design principles},
  author={Stallings, William},
  journal={Pearson},
  year={2018}
}

@article{andrews2000concurrent,
  title={Concurrent programming: principles and practice},
  author={Andrews, Gregory R},
  journal={Addison-Wesley Longman Publishing Co., Inc.},
  year={2000}
}

@article{herlihy2012art,
  title={The art of multiprocessor programming},
  author={Herlihy, Maurice and Shavit, Nir},
  journal={Morgan Kaufmann},
  year={2012}
}

% Additional Cache Management References
@article{hennessy2019computer,
  title={Computer architecture: A quantitative approach},
  author={Hennessy, John L and Patterson, David A},
  journal={Morgan Kaufmann},
  year={2019}
}

@article{patterson2017computer,
  title={Computer organization and design RISC-V edition: the hardware software interface},
  author={Patterson, David A and Hennessy, John L},
  journal={Morgan Kaufmann},
  year={2017}
}

@article{stallings2017computer,
  title={Computer organization and architecture: designing for performance},
  author={Stallings, William},
  journal={Pearson},
  year={2017}
}

@article{tanenbaum2016structured,
  title={Structured computer organization},
  author={Tanenbaum, Andrew S and Austin, Todd},
  journal={Pearson},
  year={2016}
}

% Additional Machine Learning References
@article{goodfellow2016deep,
  title={Deep learning},
  author={Goodfellow, Ian and Bengio, Yoshua and Courville, Aaron},
  journal={MIT press},
  year={2016}
}

@article{bishop2006pattern,
  title={Pattern recognition and machine learning},
  author={Bishop, Christopher M},
  journal={Springer},
  year={2006}
}

@article{hastie2009elements,
  title={The elements of statistical learning: data mining, inference, and prediction},
  author={Hastie, Trevor and Tibshirani, Robert and Friedman, Jerome},
  journal={Springer Science \& Business Media},
  year={2009}
}

@article{murphy2012machine,
  title={Machine learning: a probabilistic perspective},
  author={Murphy, Kevin P},
  journal={MIT press},
  year={2012}
}

% Additional Distributed Systems References
@article{coulouris2011distributed,
  title={Distributed systems: concepts and design},
  author={Coulouris, George and Dollimore, Jean and Kindberg, Tim and Blair, Gordon},
  journal={Pearson Education},
  year={2011}
}

@article{tanenbaum2007distributed,
  title={Distributed systems: principles and paradigms},
  author={Tanenbaum, Andrew S and Van Steen, Maarten},
  journal={Prentice-Hall},
  year={2007}
}

@article{lamport2019distributed,
  title={Distributed algorithms},
  author={Lamport, Leslie},
  journal={Morgan Kaufmann},
  year={2019}
}

@article{attiya2004distributed,
  title={Distributed computing: fundamentals, simulations, and advanced topics},
  author={Attiya, Hagit and Welch, Jennifer},
  journal={John Wiley \& Sons},
  year={2004}
}

% Additional Performance Evaluation References
@article{jain1991art,
  title={The art of computer systems performance analysis: techniques for experimental design, measurement, simulation, and modeling},
  author={Jain, Raj},
  journal={John Wiley \& Sons},
  year={1991}
}

@article{menasce2004performance,
  title={Performance by design: computer capacity planning by example},
  author={Menasce, Daniel A and Almeida, Virgilio AF and Dowdy, Lawrence W},
  journal={Prentice Hall Professional},
  year={2004}
}

@article{gunther2007guerilla,
  title={Guerilla capacity planning: a tactical approach to planning for highly scalable applications and services},
  author={Gunther, Neil J},
  journal={Springer Science \& Business Media},
  year={2007}
}

@article{musa2004software,
  title={Software reliability engineering: more reliable software, faster and cheaper},
  author={Musa, John D},
  journal={McGraw-Hill Professional},
  year={2004}
}

% Additional Recent AI References
@article{lecun2015deep,
  title={Deep learning},
  author={LeCun, Yann and Bengio, Yoshua and Hinton, Geoffrey},
  journal={nature},
  volume={521},
  number={7553},
  pages={436--444},
  year={2015},
  publisher={Nature Publishing Group}
}

@article{schmidhuber2015deep,
  title={Deep learning in neural networks: An overview},
  author={Schmidhuber, Jürgen},
  journal={Neural networks},
  volume={61},
  pages={85--117},
  year={2015},
  publisher={Elsevier}
}

@article{ng2017machine,
  title={Machine learning yearning},
  author={Ng, Andrew},
  journal={Deeplearning. ai},
  year={2017}
}

@article{chollet2017deep,
  title={Deep learning with Python},
  author={Chollet, François},
  journal={Manning Publications},
  year={2017}
}

% Additional System Architecture References
@article{kleppmann2017designing,
  title={Designing data-intensive applications: The big ideas behind reliable, scalable, and maintainable systems},
  author={Kleppmann, Martin},
  journal={O'Reilly Media, Inc.},
  year={2017}
}

@article{richardson2018microservices,
  title={Microservices patterns: with examples in Java},
  author={Richardson, Chris},
  journal={Manning Publications},
  year={2018}
}

@article{newman2021building,
  title={Building microservices: designing fine-grained systems},
  author={Newman, Sam},
  journal={O'Reilly Media, Inc.},
  year={2021}
}

@article{vernon2013implementing,
  title={Implementing domain-driven design},
  author={Vernon, Vaughn},
  journal={Addison-Wesley Professional},
  year={2013}
}

% Additional Algorithm References
@article{cormen2009introduction,
  title={Introduction to algorithms},
  author={Cormen, Thomas H and Leiserson, Charles E and Rivest, Ronald L and Stein, Clifford},
  journal={MIT press},
  year={2009}
}

@article{skiena2008algorithm,
  title={The algorithm design manual},
  author={Skiena, Steven S},
  journal={Springer Science \& Business Media},
  year={2008}
}

@article{sedgewick2011algorithms,
  title={Algorithms},
  author={Sedgewick, Robert and Wayne, Kevin},
  journal={Addison-Wesley Professional},
  year={2011}
}

@article{kleinberg2006algorithm,
  title={Algorithm design},
  author={Kleinberg, Jon and Tardos, Eva},
  journal={Pearson Education India},
  year={2006}
}